@misc{rename-computer,
	author = {sdwheeler},
	title = {{Rename-Computer (Microsoft.PowerShell.Management) - PowerShell
	         }},
	year = {2025},
	month = feb,
	note = {[Online; accessed 11. Mar. 2025]},
	url = {
	       https://learn.microsoft.com/en-us/powershell/module/microsoft.powershell.management/rename-computer?view=powershell-7.5
	       },
}
@misc{localized,
	title = {{Localized Names of Users and Groups in Windows {$\vert$} Nicos
	         Blog}},
	year = {2018},
	month = may,
	note = {[Online; accessed 11. Mar. 2025]},
	url = {
	       https://blog.nicoboehr.de/2014/08/20/localized-names-of-users-and-groups-in-windows
	       },
}
@article{abbriviation-table,
	author = {Agoston, Zsolt},
	title = {{PowerShell Abbreviation Table {$\vert$} OpenTechTips}},
	journal = {OpenTechTips},
	year = {2020},
	month = sep,
	url = {https://opentechtips.com/powershell-abbreviation-table},
}
@misc{Invoke-WebRequest,
	author = {sdwheeler},
	title = {{Invoke-WebRequest (Microsoft.PowerShell.Utility) - PowerShell}
	         },
	year = {2025},
	month = feb,
	note = {[Online; accessed 11. Mar. 2025]},
	url = {
	       https://learn.microsoft.com/en-us/powershell/module/microsoft.powershell.utility/invoke-webrequest?view=powershell-7.5
	       },
}
@misc{Invoke-Expression,
	author = {sdwheeler},
	title = {{Invoke-Expression (Microsoft.PowerShell.Utility) - PowerShell}
	         },
	year = {2025},
	month = feb,
	note = {[Online; accessed 11. Mar. 2025]},
	url = {
	       https://learn.microsoft.com/en-us/powershell/module/microsoft.powershell.utility/invoke-expression?view=powershell-7.5
	       },
}
@misc{Set-ExecutionPolicy,
	author = {sdwheeler},
	title = {{Set-ExecutionPolicy (Microsoft.PowerShell.Security) -
	         PowerShell}},
	year = {2025},
	month = feb,
	note = {[Online; accessed 11. Mar. 2025]},
	url = {
	       https://learn.microsoft.com/en-us/powershell/module/microsoft.powershell.security/set-executionpolicy?view=powershell-7.5
	       },
}
@misc{Install-WindowsFeature,
	author = {JasonGerend},
	title = {{Install-WindowsFeature (ServerManager)}},
	year = {2025},
	month = feb,
	note = {[Online; accessed 11. Mar. 2025]},
	url = {
	       https://learn.microsoft.com/en-us/powershell/module/servermanager/install-windowsfeature?view=windowsserver2025-ps
	       },
}
@misc{BitLocker,
	author = {JasonGerend},
	title = {{BitLocker Module}},
	year = {2025},
	month = feb,
	note = {[Online; accessed 11. Mar. 2025]},
	url = {
	       https://learn.microsoft.com/en-us/powershell/module/bitlocker/?view=windowsserver2025-ps
	       },
}
@misc{New-ScheduledTask,
	author = {JasonGerend},
	title = {{New-ScheduledTask (ScheduledTasks)}},
	year = {2025},
	month = feb,
	note = {[Online; accessed 11. Mar. 2025]},
	url = {
	       https://learn.microsoft.com/en-us/powershell/module/scheduledtasks/new-scheduledtask?view=windowsserver2025-ps
	       },
}
@misc{Enable-Remote-Dekstop,
	title = {{How to Enable Remote Desktop Using PowerShell?}},
	journal = {PowerShell FAQs},
	year = {2024},
	month = dec,
	note = {[Online; accessed 11. Mar. 2025]},
	url = {https://powershellfaqs.com/enable-remote-desktop-using-powershell
	       },
}
@misc{ConvertTo-SecureString,
	author = {sdwheeler},
	title = {{ConvertTo-SecureString (Microsoft.PowerShell.Security) -
	         PowerShell}},
	year = {2025},
	month = feb,
	note = {[Online; accessed 12. Mar. 2025]},
	url = {
	       https://learn.microsoft.com/en-us/powershell/module/microsoft.powershell.security/convertto-securestring?view=powershell-7.5
	       },
}
@misc{New-LocalUser,
	author = {sdwheeler},
	title = {{New-LocalUser (Microsoft.PowerShell.LocalAccounts) -
	         PowerShell}},
	year = {2025},
	month = feb,
	note = {[Online; accessed 12. Mar. 2025]},
	url = {
	       https://learn.microsoft.com/en-us/powershell/module/microsoft.powershell.localaccounts/new-localuser?view=powershell-5.1
	       },
}
@misc{Add-LocalGroupMember,
	author = {sdwheeler},
	title = {{Add-LocalGroupMember (Microsoft.PowerShell.LocalAccounts) -
	         PowerShell}},
	year = {2025},
	month = feb,
	note = {[Online; accessed 12. Mar. 2025]},
	url = {
	       https://learn.microsoft.com/en-us/powershell/module/microsoft.powershell.localaccounts/add-localgroupmember?view=powershell-5.1
	       },
}
@misc{Resize-Partition,
	author = {JasonGerend},
	title = {{Resize-Partition (Storage)}},
	year = {2025},
	month = feb,
	note = {[Online; accessed 12. Mar. 2025]},
	url = {
	       https://learn.microsoft.com/en-us/powershell/module/storage/resize-partition?view=windowsserver2025-ps
	       },
}
@misc{New-Partition,
	author = {JasonGerend},
	title = {{New-Partition (Storage)}},
	year = {2025},
	month = feb,
	note = {[Online; accessed 12. Mar. 2025]},
	url = {
	       https://learn.microsoft.com/en-us/powershell/module/storage/new-partition?view=windowsserver2025-ps
	       },
}
@article{Volumes,
	author = {Laxmansingh@twc},
	title = {{What is difference between Partition, Volume and Logical Drive
	         }},
	journal = {Windows Club},
	year = {2022},
	month = apr,
	url = {
	       https://www.thewindowsclub.com/difference-between-partition-volume-logical-drive
	       },
}
@article{Cluster-Size,
	author = {Watumull, Garrett},
	title = {{Cluster size recommendations for ReFS and NTFS}},
	journal = {TECHCOMMUNITY.MICROSOFT},
	year = {2019},
	month = oct,
	publisher = {TECHCOMMUNITY.MICROSOFT.COM},
	url = {
	       https://techcommunity.microsoft.com/blog/filecab/cluster-size-recommendations-for-refs-and-ntfs/425960
	       },
}
@misc{Format-Volume,
	author = {JasonGerend},
	title = {{Format-Volume (Storage)}},
	year = {2025},
	month = feb,
	note = {[Online; accessed 12. Mar. 2025]},
	url = {
	       https://learn.microsoft.com/en-us/powershell/module/storage/format-volume?view=windowsserver2025-ps
	       },
}
@article{Cluster-Size-2,
	author = {Amanda},
	title = {{What Is Allocation Unit Size {\&} How to Change It - MiniTool
	         Partition Wizard}},
	journal = {MiniTool},
	year = {2023},
	month = jul,
	publisher = {MiniTool},
	url = {
	       https://www.partitionwizard.com/partitionmanager/file-allocation-unit-size.html
	       },
}
@misc{icals,
	author = {robinharwood},
	title = {{icacls}},
	year = {2024},
	month = nov,
	note = {[Online; accessed 13. Mar. 2025]},
	url = {
	       https://learn.microsoft.com/en-us/windows-server/administration/windows-commands/icacls
	       },
}
@misc{icals2,
	title = {{iCACLS: List and Manage Folder and File Permissions on Windows
	         {\textendash} TheITBros}},
	journal = {TheITBros},
	year = {2025},
	month = mar,
	note = {[Online; accessed 13. Mar. 2025]},
	url = {
	       https://theitbros.com/using-icacls-to-list-folder-permissions-and-manage-files
	       },
}
@misc{NTFS-Permissions,
	title = {{NTFS Permissions: A Comprehensive Guide - Petri IT
	         Knowledgebase}},
	journal = {Petri IT Knowledgebase},
	year = {2024},
	month = feb,
	note = {[Online; accessed 13. Mar. 2025]},
	url = {https://petri.com/ntfs-permissions},
}
@misc{New-SmbShare,
	author = {JasonGerend},
	title = {{New-SmbShare (SmbShare)}},
	year = {2025},
	month = feb,
	note = {[Online; accessed 13. Mar. 2025]},
	url = {
	       https://learn.microsoft.com/en-us/powershell/module/smbshare/new-smbshare?view=windowsserver2025-ps
	       },
}
@misc{share-and-ntfs-permissions,
	title = {{NTFS vs. Share Permissions: Which to Use When and Why}},
	year = {2025},
	month = mar,
	note = {[Online; accessed 13. Mar. 2025]},
	url = {https://albusbit.com/blog/ntfs-vs-share-permissions},
}
@misc{Enable-BitLocker,
	author = {JasonGerend},
	title = {{Enable-BitLocker (BitLocker)}},
	year = {2025},
	month = feb,
	note = {[Online; accessed 13. Mar. 2025]},
	url = {https://learn.microsoft.com/en-us/powershell/module/bitlocker/enable-bitlocker?view=windowsserver2025-ps}
}
