@article{mircotik-mirror,
	author = {Joey},
	title = {{Mirroring ports on Mikrotik}},
	journal = {Blogger},
	year = {2015},
	month = oct,
	publisher = {Blogger},
	url = {
	       https://www.technicallyinsane.com/2015/10/mirroring-ports-on-mikrotik.html
	       },
}@misc{voip-wireshark,
	title = {{VoIP{$\_$}calls - Wireshark Wiki}},
	year = {2025},
	month = may,
	note = {[Online; accessed 16. May 2025]},
	url = {https://wiki.wireshark.org/VoIP_calls},
}
@article{exercise-6,
	author = {stefi},
	title = {{Hardening a Linux Webserver}},
	journal = {silly blog},
	year = {2025},
	month = jan,
	publisher = {silly blog},
	url = {
	       https://stefanistkuhl.github.io/posts/itsi/year-3/exercise-6/linux-hadening-nginx
	       },
}
@misc{basic-auth-rfc,
	year = {2015},
	month = oct,
	note = {[Online; accessed 16. May 2025]},
	url = {https://www.rfc-editor.org/rfc/rfc7617.txt},
}
@misc{http-401,
	title = {{401 Unauthorized - HTTP {$\vert$} MDN}},
	journal = {MDN Web Docs},
	year = {2025},
	month = mar,
	note = {[Online; accessed 16. May 2025]},
	url = {
	       https://developer.mozilla.org/en-US/docs/Web/HTTP/Reference/Status/401
	       },
}
@misc{http-200,
	title = {{200 OK - HTTP {$\vert$} MDN}},
	journal = {MDN Web Docs},
	year = {2025},
	month = mar,
	note = {[Online; accessed 16. May 2025]},
	url = {
	       https://developer.mozilla.org/en-US/docs/Web/HTTP/Reference/Status/200
	       },
}
@misc{rtp,
	title = {{RTP - Wireshark Wiki}},
	year = {2025},
	month = may,
	note = {[Online; accessed 16. May 2025]},
	url = {https://wiki.wireshark.org/RTP},
}
